@inproceedings{zhang2013domain,
  title={Domain adaptation under target and conditional shift},
  author={Zhang, Kun and Sch{\"o}lkopf, Bernhard and Muandet, Krikamol and Wang, Zhikun},
  booktitle={International Conference on Machine Learning},
  pages={819--827},
  year={2013}
}
@article{sun2019high,
  title={High Dimensional Restrictive Federated Model Selection with multi-objective Bayesian Optimization over shifted distributions},
  author={Sun, Xudong and Bommert, Andrea and Pfisterer, Florian and Rahnenf{\"u}hrer, J{\"o}rg and Lang, Michel and Bischl, Bernd},
  journal={arXiv preprint arXiv:1902.08999},
  year={2019}
}
@inproceedings{carlini2017towards,
  title={Towards evaluating the robustness of neural networks},
  author={Carlini, Nicholas and Wagner, David},
  booktitle={2017 IEEE Symposium on Security and Privacy (SP)},
  pages={39--57},
  year={2017},
  organization={IEEE}
}

@inproceedings{wen2014robust,
  title={Robust Learning under Uncertain Test Distributions: Relating Covariate Shift to Model Misspecification.},
  author={Wen, Junfeng and Yu, Chun-Nam and Greiner, Russell},
  booktitle={ICML},
  pages={631--639},
  year={2014}
}